@string{csl = {Computer Science Laboratory, SRI International}}
@string{mp = {Menlo Park, CA}}

%% --- Missing ---
% PVS Lisp sources (github rep)
% PVS Prelude library
% The C Library Reference Guide, Eric Huss
% Compilation course, J.C. Filliatre


@book{Steele:commonlisp,
	AUTHOR = {Guy L. {Steele Jr.}},
	TITLE = {Common Lisp: The Language},
	PUBLISHER = {Digital Press},
	YEAR = 1990,
	ADDRESS = {Bedford, MA},
	EDITION = {second}
}


@manual{PVS:manuals,
	TITLE = {User Guide for the {PVS} Specification and
		Verification System},
	AUTHOR = {S. Owre and N. Shankar and J. M. Rushby and
		D. W. J. Stringer-Calvert},
	ORGANIZATION = csl,
	ADDRESS = mp,
	MONTH = sep,
	YEAR = 1998,
	NOTE = {Three volumes: Language, System, and Prover Reference Manuals}
}

@MANUAL{PVS:userguide,
        TITLE = {PVS System Guide},
        AUTHOR = {S. Owre and N. Shankar and J. M. Rushby and D. W. J. Stringer-Calvert},
        ORGANIZATION = csl,
        ADDRESS = mp,
        MONTH = sep,
        YEAR = 1999
}

@MANUAL{PVS:language,
        TITLE = {PVS Language Reference},
        AUTHOR = {S. Owre and N. Shankar and J. M. Rushby and D. W. J. Stringer-Calvert},
        ORGANIZATION = csl,
        ADDRESS = mp,
        MONTH = sep,
        YEAR = 1999
}

@MANUAL{PVS:prover,
        TITLE = {PVS Prover Guide},
        AUTHOR = {N. Shankar and S. Owre and J. M. Rushby and D. W. J. Stringer-Calvert},
        ORGANIZATION = csl,
        ADDRESS = mp,
        MONTH = sep,
        YEAR = 1999
}

@MANUAL{PVS:api,
        TITLE = {PVS API Reference},
        AUTHOR = {N. Shankar and S. Owre},
        ORGANIZATION = csl,
        ADDRESS = mp,
        MONTH = sep,
        YEAR = 2003
}


@article{jonesgarbage,
  title={Garbage Collection: Algorithms for Automatic Dynamic Memory Management, 1996},
  author={Jones, Richard and Lins, Rafael},
  journal={John Wiliey \& Sons Ltd., England}
}

@unpublished{pavol,
  title={Static Analyses for Guarded Optimizations of
High Level Languages},
  note={SRI Internship Report},
  author={Pavol {\v C}ern\'y}
}

@article{huss2004c,
  title={The c library reference guide},
  author={Huss, Eric},
  journal={Webmonkeys: A Special Interest},
  year={2004}
}

@misc{fillcomp,
  title={Langages de programmation et compilation},
  author={Jean-Christophe Filli\^atre},
  note={ \url{https://www.lri.fr/~filliatr/ens/compil/} },
  howpublished={MPRI},
  year={2013-14}
}

